@misc{aaronballman-constantp-2019,
  author       = {Aaron Ballman},
  month        = {06},
  title        = {{Clang gives a different answer for \_\_builtin\_constant\_p than GCC}},
  howpublished = {\url{https://github.com/llvm/llvm-project/issues/55946}},
  year         = {2022}
}

@misc{aaronballman-infrec-2019,
  author       = {Aaron Ballman},
  month        = {06},
  title        = {{-Winfinite-recursion confused by some tautological expressions}},
  howpublished = {\url{https://github.com/llvm/llvm-project/issues/56035}},
  year         = {2022}
}
